%YAML 1.1
%TAG !u! tag:unity3d.com,2011:
--- !u!1 &3833897693193749422
GameObject:
  m_ObjectHideFlags: 0
  m_CorrespondingSourceObject: {fileID: 0}
  m_PrefabInstance: {fileID: 0}
  m_PrefabAsset: {fileID: 0}
  serializedVersion: 6
  m_Component:
  - component: {fileID: 3833897693193749425}
  m_Layer: 0
  m_Name: Look1
  m_TagString: EnemyPoint
  m_Icon: {fileID: 0}
  m_NavMeshLayer: 0
  m_StaticEditorFlags: 0
  m_IsActive: 1
--- !u!4 &3833897693193749425
Transform:
  m_ObjectHideFlags: 0
  m_CorrespondingSourceObject: {fileID: 0}
  m_PrefabInstance: {fileID: 0}
  m_PrefabAsset: {fileID: 0}
  m_GameObject: {fileID: 3833897693193749422}
  m_LocalRotation: {x: 0, y: 0, z: 0, w: 1}
  m_LocalPosition: {x: 0, y: 0, z: 3.47}
  m_LocalScale: {x: 1, y: 1, z: 1}
  m_Children: []
  m_Father: {fileID: 3833897694179310825}
  m_RootOrder: 0
  m_LocalEulerAnglesHint: {x: 0, y: 0, z: 0}
--- !u!1 &3833897693721976643
GameObject:
  m_ObjectHideFlags: 0
  m_CorrespondingSourceObject: {fileID: 0}
  m_PrefabInstance: {fileID: 0}
  m_PrefabAsset: {fileID: 0}
  serializedVersion: 6
  m_Component:
  - component: {fileID: 3833897693721976649}
  - component: {fileID: 3833897693721976642}
  - component: {fileID: 3833897693721976648}
  - component: {fileID: 3833897693721976645}
  - component: {fileID: 7025307656917572535}
  - component: {fileID: 55994743938448328}
  - component: {fileID: 4923055314551856131}
  m_Layer: 0
  m_Name: First Enemy
  m_TagString: Enemy
  m_Icon: {fileID: 0}
  m_NavMeshLayer: 0
  m_StaticEditorFlags: 0
  m_IsActive: 1
--- !u!4 &3833897693721976649
Transform:
  m_ObjectHideFlags: 0
  m_CorrespondingSourceObject: {fileID: 0}
  m_PrefabInstance: {fileID: 0}
  m_PrefabAsset: {fileID: 0}
  m_GameObject: {fileID: 3833897693721976643}
  m_LocalRotation: {x: -0, y: -0, z: -0, w: 1}
  m_LocalPosition: {x: -5.67, y: 2.92, z: 22.91}
  m_LocalScale: {x: 1, y: 1, z: 1}
  m_Children:
  - {fileID: 4665536951996988159}
  - {fileID: 3833897694179310825}
  m_Father: {fileID: 6264796825491124615}
  m_RootOrder: 0
  m_LocalEulerAnglesHint: {x: 0, y: 0, z: 0}
--- !u!143 &3833897693721976642
CharacterController:
  m_ObjectHideFlags: 0
  m_CorrespondingSourceObject: {fileID: 0}
  m_PrefabInstance: {fileID: 0}
  m_PrefabAsset: {fileID: 0}
  m_GameObject: {fileID: 3833897693721976643}
  m_Material: {fileID: 0}
  m_IsTrigger: 0
  m_Enabled: 1
  serializedVersion: 2
  m_Height: 1
  m_Radius: 0.5
  m_SlopeLimit: 45
  m_StepOffset: 0.3
  m_SkinWidth: 0.08
  m_MinMoveDistance: 0.001
  m_Center: {x: 0, y: 0, z: 0}
--- !u!114 &3833897693721976648
MonoBehaviour:
  m_ObjectHideFlags: 0
  m_CorrespondingSourceObject: {fileID: 0}
  m_PrefabInstance: {fileID: 0}
  m_PrefabAsset: {fileID: 0}
  m_GameObject: {fileID: 3833897693721976643}
  m_Enabled: 1
  m_EditorHideFlags: 0
  m_Script: {fileID: 11500000, guid: 42093ff3afe4fc74fa947481a136f00e, type: 3}
  m_Name: 
  m_EditorClassIdentifier: 
  lookPoints:
  - pointDuration: 4
    pointTransform: {fileID: 3833897693193749425}
  - pointDuration: 4
    pointTransform: {fileID: 3833897694710194817}
--- !u!114 &3833897693721976645
MonoBehaviour:
  m_ObjectHideFlags: 0
  m_CorrespondingSourceObject: {fileID: 0}
  m_PrefabInstance: {fileID: 0}
  m_PrefabAsset: {fileID: 0}
  m_GameObject: {fileID: 3833897693721976643}
  m_Enabled: 1
  m_EditorHideFlags: 0
  m_Script: {fileID: 11500000, guid: 9fd1e3a63242404a8a41fa4f8c4e25e9, type: 3}
  m_Name: 
  m_EditorClassIdentifier: 
  rotationSpeed: 5
  movingSpeed: 5
--- !u!114 &7025307656917572535
MonoBehaviour:
  m_ObjectHideFlags: 0
  m_CorrespondingSourceObject: {fileID: 0}
  m_PrefabInstance: {fileID: 0}
  m_PrefabAsset: {fileID: 0}
  m_GameObject: {fileID: 3833897693721976643}
  m_Enabled: 1
  m_EditorHideFlags: 0
  m_Script: {fileID: 11500000, guid: 4d8b4a0826474e82a825aeec8218bb95, type: 3}
  m_Name: 
  m_EditorClassIdentifier: 
--- !u!114 &55994743938448328
MonoBehaviour:
  m_ObjectHideFlags: 0
  m_CorrespondingSourceObject: {fileID: 0}
  m_PrefabInstance: {fileID: 0}
  m_PrefabAsset: {fileID: 0}
  m_GameObject: {fileID: 3833897693721976643}
  m_Enabled: 1
  m_EditorHideFlags: 0
  m_Script: {fileID: 11500000, guid: a554b2f65fbeac9448d9d854bdb388fb, type: 3}
  m_Name: 
  m_EditorClassIdentifier: 
  meshContainerPrefab: {fileID: 6609255548240328800, guid: feeca63b8b3666a409509b729fe536a5, type: 3}
--- !u!114 &4923055314551856131
MonoBehaviour:
  m_ObjectHideFlags: 0
  m_CorrespondingSourceObject: {fileID: 0}
  m_PrefabInstance: {fileID: 0}
  m_PrefabAsset: {fileID: 0}
  m_GameObject: {fileID: 3833897693721976643}
  m_Enabled: 1
  m_EditorHideFlags: 0
  m_Script: {fileID: 11500000, guid: 9713a75f64e5ab84087844063351931a, type: 3}
  m_Name: 
  m_EditorClassIdentifier: 
  patrollingAngle: 37
  raycastDistance: 9
  raycastDensity: 100
  collidingLayer:
    serializedVersion: 2
    m_Bits: 72
--- !u!1 &3833897694179310822
GameObject:
  m_ObjectHideFlags: 0
  m_CorrespondingSourceObject: {fileID: 0}
  m_PrefabInstance: {fileID: 0}
  m_PrefabAsset: {fileID: 0}
  serializedVersion: 6
  m_Component:
  - component: {fileID: 3833897694179310825}
  - component: {fileID: 6663246818921596483}
  m_Layer: 0
  m_Name: StationaryEnemyLookDirections
  m_TagString: Untagged
  m_Icon: {fileID: 0}
  m_NavMeshLayer: 0
  m_StaticEditorFlags: 0
  m_IsActive: 1
--- !u!4 &3833897694179310825
Transform:
  m_ObjectHideFlags: 0
  m_CorrespondingSourceObject: {fileID: 0}
  m_PrefabInstance: {fileID: 0}
  m_PrefabAsset: {fileID: 0}
  m_GameObject: {fileID: 3833897694179310822}
  m_LocalRotation: {x: -0, y: -0, z: -0, w: 1}
  m_LocalPosition: {x: 0, y: 0, z: 0}
  m_LocalScale: {x: 1, y: 1, z: 1}
  m_Children:
  - {fileID: 3833897693193749425}
  - {fileID: 3833897694710194817}
  m_Father: {fileID: 3833897693721976649}
  m_RootOrder: 1
  m_LocalEulerAnglesHint: {x: 0, y: 0, z: 0}
--- !u!114 &6663246818921596483
MonoBehaviour:
  m_ObjectHideFlags: 0
  m_CorrespondingSourceObject: {fileID: 0}
  m_PrefabInstance: {fileID: 0}
  m_PrefabAsset: {fileID: 0}
  m_GameObject: {fileID: 3833897694179310822}
  m_Enabled: 1
  m_EditorHideFlags: 0
  m_Script: {fileID: 11500000, guid: c50c818dad3b27e48aed3eb668d4a7d0, type: 3}
  m_Name: 
  m_EditorClassIdentifier: 
--- !u!1 &3833897694710194942
GameObject:
  m_ObjectHideFlags: 0
  m_CorrespondingSourceObject: {fileID: 0}
  m_PrefabInstance: {fileID: 0}
  m_PrefabAsset: {fileID: 0}
  serializedVersion: 6
  m_Component:
  - component: {fileID: 3833897694710194817}
  m_Layer: 0
  m_Name: Look2
  m_TagString: EnemyPoint
  m_Icon: {fileID: 0}
  m_NavMeshLayer: 0
  m_StaticEditorFlags: 0
  m_IsActive: 1
--- !u!4 &3833897694710194817
Transform:
  m_ObjectHideFlags: 0
  m_CorrespondingSourceObject: {fileID: 0}
  m_PrefabInstance: {fileID: 0}
  m_PrefabAsset: {fileID: 0}
  m_GameObject: {fileID: 3833897694710194942}
  m_LocalRotation: {x: 0, y: 0, z: 0, w: 1}
  m_LocalPosition: {x: 0, y: 0, z: -4.72}
  m_LocalScale: {x: 1, y: 1, z: 1}
  m_Children: []
  m_Father: {fileID: 3833897694179310825}
  m_RootOrder: 1
  m_LocalEulerAnglesHint: {x: 0, y: 0, z: 0}
--- !u!1 &6033342961178916438
GameObject:
  m_ObjectHideFlags: 0
  m_CorrespondingSourceObject: {fileID: 0}
  m_PrefabInstance: {fileID: 0}
  m_PrefabAsset: {fileID: 0}
  serializedVersion: 6
  m_Component:
  - component: {fileID: 6033342961178916457}
  - component: {fileID: 6033342961178916463}
  - component: {fileID: 6033342961178916437}
  - component: {fileID: 6033342961178916456}
  - component: {fileID: 2498129868188806075}
  - component: {fileID: 1438662089366949401}
  - component: {fileID: 3193183924177142080}
  m_Layer: 7
  m_Name: SecondEnemy (1)
  m_TagString: Enemy
  m_Icon: {fileID: 0}
  m_NavMeshLayer: 0
  m_StaticEditorFlags: 0
  m_IsActive: 1
--- !u!4 &6033342961178916457
Transform:
  m_ObjectHideFlags: 0
  m_CorrespondingSourceObject: {fileID: 0}
  m_PrefabInstance: {fileID: 0}
  m_PrefabAsset: {fileID: 0}
  m_GameObject: {fileID: 6033342961178916438}
  m_LocalRotation: {x: -0, y: -0, z: -0, w: 1}
  m_LocalPosition: {x: 13.71, y: 3.12, z: 23.05}
  m_LocalScale: {x: 1, y: 1, z: 1}
  m_Children:
  - {fileID: 2655793151212095762}
  - {fileID: 6033342962114486562}
  m_Father: {fileID: 6264796825491124615}
  m_RootOrder: 1
  m_LocalEulerAnglesHint: {x: 0, y: 0, z: 0}
--- !u!143 &6033342961178916463
CharacterController:
  m_ObjectHideFlags: 0
  m_CorrespondingSourceObject: {fileID: 0}
  m_PrefabInstance: {fileID: 0}
  m_PrefabAsset: {fileID: 0}
  m_GameObject: {fileID: 6033342961178916438}
  m_Material: {fileID: 0}
  m_IsTrigger: 0
  m_Enabled: 1
  serializedVersion: 2
  m_Height: 1
  m_Radius: 0.5
  m_SlopeLimit: 45
  m_StepOffset: 0.3
  m_SkinWidth: 0.08
  m_MinMoveDistance: 0.001
  m_Center: {x: 0, y: 0, z: 0}
--- !u!114 &6033342961178916437
MonoBehaviour:
  m_ObjectHideFlags: 0
  m_CorrespondingSourceObject: {fileID: 0}
  m_PrefabInstance: {fileID: 0}
  m_PrefabAsset: {fileID: 0}
  m_GameObject: {fileID: 6033342961178916438}
  m_Enabled: 1
  m_EditorHideFlags: 0
  m_Script: {fileID: 11500000, guid: 6a69f741e9062704381eeec1976121c7, type: 3}
  m_Name: 
  m_EditorClassIdentifier: 
  destinationPoints:
  - pointDuration: 4
    pointTransform: {fileID: 6033342962803949170}
  - pointDuration: 4
    pointTransform: {fileID: 6033342962719664688}
  closeDistance: 0.2
--- !u!114 &6033342961178916456
MonoBehaviour:
  m_ObjectHideFlags: 0
  m_CorrespondingSourceObject: {fileID: 0}
  m_PrefabInstance: {fileID: 0}
  m_PrefabAsset: {fileID: 0}
  m_GameObject: {fileID: 6033342961178916438}
  m_Enabled: 1
  m_EditorHideFlags: 0
  m_Script: {fileID: 11500000, guid: 9fd1e3a63242404a8a41fa4f8c4e25e9, type: 3}
  m_Name: 
  m_EditorClassIdentifier: 
  rotationSpeed: 5
  movingSpeed: 5
--- !u!114 &2498129868188806075
MonoBehaviour:
  m_ObjectHideFlags: 0
  m_CorrespondingSourceObject: {fileID: 0}
  m_PrefabInstance: {fileID: 0}
  m_PrefabAsset: {fileID: 0}
  m_GameObject: {fileID: 6033342961178916438}
  m_Enabled: 1
  m_EditorHideFlags: 0
  m_Script: {fileID: 11500000, guid: 4d8b4a0826474e82a825aeec8218bb95, type: 3}
  m_Name: 
  m_EditorClassIdentifier: 
--- !u!114 &1438662089366949401
MonoBehaviour:
  m_ObjectHideFlags: 0
  m_CorrespondingSourceObject: {fileID: 0}
  m_PrefabInstance: {fileID: 0}
  m_PrefabAsset: {fileID: 0}
  m_GameObject: {fileID: 6033342961178916438}
  m_Enabled: 1
  m_EditorHideFlags: 0
  m_Script: {fileID: 11500000, guid: a554b2f65fbeac9448d9d854bdb388fb, type: 3}
  m_Name: 
  m_EditorClassIdentifier: 
  meshContainerPrefab: {fileID: 6609255548240328800, guid: feeca63b8b3666a409509b729fe536a5, type: 3}
--- !u!114 &3193183924177142080
MonoBehaviour:
  m_ObjectHideFlags: 0
  m_CorrespondingSourceObject: {fileID: 0}
  m_PrefabInstance: {fileID: 0}
  m_PrefabAsset: {fileID: 0}
  m_GameObject: {fileID: 6033342961178916438}
  m_Enabled: 1
  m_EditorHideFlags: 0
  m_Script: {fileID: 11500000, guid: 9713a75f64e5ab84087844063351931a, type: 3}
  m_Name: 
  m_EditorClassIdentifier: 
  patrollingAngle: 42
  raycastDistance: 12.2
  raycastDensity: 100
  collidingLayer:
    serializedVersion: 2
    m_Bits: 72
--- !u!1 &6033342962114486563
GameObject:
  m_ObjectHideFlags: 0
  m_CorrespondingSourceObject: {fileID: 0}
  m_PrefabInstance: {fileID: 0}
  m_PrefabAsset: {fileID: 0}
  serializedVersion: 6
  m_Component:
  - component: {fileID: 6033342962114486562}
  - component: {fileID: 7353626237544330667}
  m_Layer: 0
  m_Name: PatrollingPointsContainer
  m_TagString: Untagged
  m_Icon: {fileID: 0}
  m_NavMeshLayer: 0
  m_StaticEditorFlags: 0
  m_IsActive: 1
--- !u!4 &6033342962114486562
Transform:
  m_ObjectHideFlags: 0
  m_CorrespondingSourceObject: {fileID: 0}
  m_PrefabInstance: {fileID: 0}
  m_PrefabAsset: {fileID: 0}
  m_GameObject: {fileID: 6033342962114486563}
  m_LocalRotation: {x: -0, y: -0, z: -0, w: 1}
  m_LocalPosition: {x: 0, y: 0, z: 0}
  m_LocalScale: {x: 1, y: 1, z: 1}
  m_Children:
  - {fileID: 6033342962803949170}
  - {fileID: 6033342962719664688}
  m_Father: {fileID: 6033342961178916457}
  m_RootOrder: 1
  m_LocalEulerAnglesHint: {x: 0, y: 0, z: 0}
--- !u!114 &7353626237544330667
MonoBehaviour:
  m_ObjectHideFlags: 0
  m_CorrespondingSourceObject: {fileID: 0}
  m_PrefabInstance: {fileID: 0}
  m_PrefabAsset: {fileID: 0}
  m_GameObject: {fileID: 6033342962114486563}
  m_Enabled: 1
  m_EditorHideFlags: 0
  m_Script: {fileID: 11500000, guid: c50c818dad3b27e48aed3eb668d4a7d0, type: 3}
  m_Name: 
  m_EditorClassIdentifier: 
--- !u!1 &6033342962719664689
GameObject:
  m_ObjectHideFlags: 0
  m_CorrespondingSourceObject: {fileID: 0}
  m_PrefabInstance: {fileID: 0}
  m_PrefabAsset: {fileID: 0}
  serializedVersion: 6
  m_Component:
  - component: {fileID: 6033342962719664688}
  m_Layer: 0
  m_Name: Point 2
  m_TagString: EnemyPoint
  m_Icon: {fileID: 0}
  m_NavMeshLayer: 0
  m_StaticEditorFlags: 0
  m_IsActive: 1
--- !u!4 &6033342962719664688
Transform:
  m_ObjectHideFlags: 0
  m_CorrespondingSourceObject: {fileID: 0}
  m_PrefabInstance: {fileID: 0}
  m_PrefabAsset: {fileID: 0}
  m_GameObject: {fileID: 6033342962719664689}
  m_LocalRotation: {x: -0, y: -0, z: -0, w: 1}
  m_LocalPosition: {x: 0, y: 0, z: 0}
  m_LocalScale: {x: 1, y: 1, z: 1}
  m_Children: []
  m_Father: {fileID: 6033342962114486562}
  m_RootOrder: 1
  m_LocalEulerAnglesHint: {x: 0, y: 0, z: 0}
--- !u!1 &6033342962803949171
GameObject:
  m_ObjectHideFlags: 0
  m_CorrespondingSourceObject: {fileID: 0}
  m_PrefabInstance: {fileID: 0}
  m_PrefabAsset: {fileID: 0}
  serializedVersion: 6
  m_Component:
  - component: {fileID: 6033342962803949170}
  m_Layer: 0
  m_Name: Point 1
  m_TagString: EnemyPoint
  m_Icon: {fileID: 0}
  m_NavMeshLayer: 0
  m_StaticEditorFlags: 0
  m_IsActive: 1
--- !u!4 &6033342962803949170
Transform:
  m_ObjectHideFlags: 0
  m_CorrespondingSourceObject: {fileID: 0}
  m_PrefabInstance: {fileID: 0}
  m_PrefabAsset: {fileID: 0}
  m_GameObject: {fileID: 6033342962803949171}
  m_LocalRotation: {x: -0, y: -0, z: -0, w: 1}
  m_LocalPosition: {x: 6.45, y: 0, z: 0}
  m_LocalScale: {x: 1, y: 1, z: 1}
  m_Children: []
  m_Father: {fileID: 6033342962114486562}
  m_RootOrder: 0
  m_LocalEulerAnglesHint: {x: 0, y: 0, z: 0}
--- !u!1 &6264796825491124612
GameObject:
  m_ObjectHideFlags: 0
  m_CorrespondingSourceObject: {fileID: 0}
  m_PrefabInstance: {fileID: 0}
  m_PrefabAsset: {fileID: 0}
  serializedVersion: 6
  m_Component:
  - component: {fileID: 6264796825491124615}
  m_Layer: 0
  m_Name: P_Enemy_Stealth1
  m_TagString: Untagged
  m_Icon: {fileID: 0}
  m_NavMeshLayer: 0
  m_StaticEditorFlags: 0
  m_IsActive: 1
--- !u!4 &6264796825491124615
Transform:
  m_ObjectHideFlags: 0
  m_CorrespondingSourceObject: {fileID: 0}
  m_PrefabInstance: {fileID: 0}
  m_PrefabAsset: {fileID: 0}
  m_GameObject: {fileID: 6264796825491124612}
  m_LocalRotation: {x: 0, y: 0, z: 0, w: 1}
  m_LocalPosition: {x: 0, y: 0, z: 0}
  m_LocalScale: {x: 1, y: 1, z: 1}
  m_Children:
  - {fileID: 3833897693721976649}
  - {fileID: 6033342961178916457}
  m_Father: {fileID: 0}
  m_RootOrder: 0
  m_LocalEulerAnglesHint: {x: 0, y: 0, z: 0}
--- !u!1001 &6264796825330829884
PrefabInstance:
  m_ObjectHideFlags: 0
  serializedVersion: 2
  m_Modification:
    m_TransformParent: {fileID: 3833897693721976649}
    m_Modifications:
    - target: {fileID: 1607317391034544323, guid: ccee1fa8fcc814048a282313e31a9322, type: 3}
      propertyPath: m_RootOrder
      value: 0
      objectReference: {fileID: 0}
    - target: {fileID: 1607317391034544323, guid: ccee1fa8fcc814048a282313e31a9322, type: 3}
      propertyPath: m_LocalScale.x
      value: 1.8
      objectReference: {fileID: 0}
    - target: {fileID: 1607317391034544323, guid: ccee1fa8fcc814048a282313e31a9322, type: 3}
      propertyPath: m_LocalScale.y
      value: 1.8
      objectReference: {fileID: 0}
    - target: {fileID: 1607317391034544323, guid: ccee1fa8fcc814048a282313e31a9322, type: 3}
      propertyPath: m_LocalScale.z
      value: 1.8
      objectReference: {fileID: 0}
    - target: {fileID: 1607317391034544323, guid: ccee1fa8fcc814048a282313e31a9322, type: 3}
      propertyPath: m_LocalPosition.x
      value: 0
      objectReference: {fileID: 0}
    - target: {fileID: 1607317391034544323, guid: ccee1fa8fcc814048a282313e31a9322, type: 3}
      propertyPath: m_LocalPosition.y
      value: -1.37
      objectReference: {fileID: 0}
    - target: {fileID: 1607317391034544323, guid: ccee1fa8fcc814048a282313e31a9322, type: 3}
      propertyPath: m_LocalPosition.z
      value: 0
      objectReference: {fileID: 0}
    - target: {fileID: 1607317391034544323, guid: ccee1fa8fcc814048a282313e31a9322, type: 3}
      propertyPath: m_LocalRotation.w
      value: 1
      objectReference: {fileID: 0}
    - target: {fileID: 1607317391034544323, guid: ccee1fa8fcc814048a282313e31a9322, type: 3}
      propertyPath: m_LocalRotation.x
      value: -0
      objectReference: {fileID: 0}
    - target: {fileID: 1607317391034544323, guid: ccee1fa8fcc814048a282313e31a9322, type: 3}
      propertyPath: m_LocalRotation.y
      value: -0
      objectReference: {fileID: 0}
    - target: {fileID: 1607317391034544323, guid: ccee1fa8fcc814048a282313e31a9322, type: 3}
      propertyPath: m_LocalRotation.z
      value: -0
      objectReference: {fileID: 0}
    - target: {fileID: 1607317391034544323, guid: ccee1fa8fcc814048a282313e31a9322, type: 3}
      propertyPath: m_LocalEulerAnglesHint.x
      value: 0
      objectReference: {fileID: 0}
    - target: {fileID: 1607317391034544323, guid: ccee1fa8fcc814048a282313e31a9322, type: 3}
      propertyPath: m_LocalEulerAnglesHint.y
      value: 0
      objectReference: {fileID: 0}
    - target: {fileID: 1607317391034544323, guid: ccee1fa8fcc814048a282313e31a9322, type: 3}
      propertyPath: m_LocalEulerAnglesHint.z
      value: 0
      objectReference: {fileID: 0}
    - target: {fileID: 7581111365304673732, guid: ccee1fa8fcc814048a282313e31a9322, type: 3}
      propertyPath: m_Name
      value: P_FirstNPC
      objectReference: {fileID: 0}
    m_RemovedComponents: []
  m_SourcePrefab: {fileID: 100100000, guid: ccee1fa8fcc814048a282313e31a9322, type: 3}
--- !u!4 &4665536951996988159 stripped
Transform:
  m_CorrespondingSourceObject: {fileID: 1607317391034544323, guid: ccee1fa8fcc814048a282313e31a9322, type: 3}
  m_PrefabInstance: {fileID: 6264796825330829884}
  m_PrefabAsset: {fileID: 0}
--- !u!1001 &6264796825630755395
PrefabInstance:
  m_ObjectHideFlags: 0
  serializedVersion: 2
  m_Modification:
    m_TransformParent: {fileID: 6033342961178916457}
    m_Modifications:
    - target: {fileID: 8226460552983921488, guid: a915b8e47ccde7c4abcb9ed1b0f8fd8b, type: 3}
      propertyPath: m_Name
      value: P_SecondNPC
      objectReference: {fileID: 0}
    - target: {fileID: 8226460552983921489, guid: a915b8e47ccde7c4abcb9ed1b0f8fd8b, type: 3}
      propertyPath: m_RootOrder
      value: 0
      objectReference: {fileID: 0}
    - target: {fileID: 8226460552983921489, guid: a915b8e47ccde7c4abcb9ed1b0f8fd8b, type: 3}
      propertyPath: m_LocalScale.x
      value: 1.8
      objectReference: {fileID: 0}
    - target: {fileID: 8226460552983921489, guid: a915b8e47ccde7c4abcb9ed1b0f8fd8b, type: 3}
      propertyPath: m_LocalScale.y
      value: 1.8
      objectReference: {fileID: 0}
    - target: {fileID: 8226460552983921489, guid: a915b8e47ccde7c4abcb9ed1b0f8fd8b, type: 3}
      propertyPath: m_LocalScale.z
      value: 1.8
      objectReference: {fileID: 0}
    - target: {fileID: 8226460552983921489, guid: a915b8e47ccde7c4abcb9ed1b0f8fd8b, type: 3}
      propertyPath: m_LocalPosition.x
      value: 0
      objectReference: {fileID: 0}
    - target: {fileID: 8226460552983921489, guid: a915b8e47ccde7c4abcb9ed1b0f8fd8b, type: 3}
      propertyPath: m_LocalPosition.y
      value: -1.62
      objectReference: {fileID: 0}
    - target: {fileID: 8226460552983921489, guid: a915b8e47ccde7c4abcb9ed1b0f8fd8b, type: 3}
      propertyPath: m_LocalPosition.z
      value: 0
      objectReference: {fileID: 0}
    - target: {fileID: 8226460552983921489, guid: a915b8e47ccde7c4abcb9ed1b0f8fd8b, type: 3}
      propertyPath: m_LocalRotation.w
      value: 1
      objectReference: {fileID: 0}
    - target: {fileID: 8226460552983921489, guid: a915b8e47ccde7c4abcb9ed1b0f8fd8b, type: 3}
      propertyPath: m_LocalRotation.x
      value: 0
      objectReference: {fileID: 0}
    - target: {fileID: 8226460552983921489, guid: a915b8e47ccde7c4abcb9ed1b0f8fd8b, type: 3}
      propertyPath: m_LocalRotation.y
      value: 0
      objectReference: {fileID: 0}
    - target: {fileID: 8226460552983921489, guid: a915b8e47ccde7c4abcb9ed1b0f8fd8b, type: 3}
      propertyPath: m_LocalRotation.z
      value: 0
      objectReference: {fileID: 0}
    - target: {fileID: 8226460552983921489, guid: a915b8e47ccde7c4abcb9ed1b0f8fd8b, type: 3}
      propertyPath: m_LocalEulerAnglesHint.x
      value: 0
      objectReference: {fileID: 0}
    - target: {fileID: 8226460552983921489, guid: a915b8e47ccde7c4abcb9ed1b0f8fd8b, type: 3}
      propertyPath: m_LocalEulerAnglesHint.y
      value: 0
      objectReference: {fileID: 0}
    - target: {fileID: 8226460552983921489, guid: a915b8e47ccde7c4abcb9ed1b0f8fd8b, type: 3}
      propertyPath: m_LocalEulerAnglesHint.z
      value: 0
      objectReference: {fileID: 0}
    m_RemovedComponents: []
  m_SourcePrefab: {fileID: 100100000, guid: a915b8e47ccde7c4abcb9ed1b0f8fd8b, type: 3}
--- !u!4 &2655793151212095762 stripped
Transform:
  m_CorrespondingSourceObject: {fileID: 8226460552983921489, guid: a915b8e47ccde7c4abcb9ed1b0f8fd8b, type: 3}
  m_PrefabInstance: {fileID: 6264796825630755395}
  m_PrefabAsset: {fileID: 0}
