%YAML 1.1
%TAG !u! tag:unity3d.com,2011:
--- !u!1 &18888146773225047
GameObject:
  m_ObjectHideFlags: 0
  m_CorrespondingSourceObject: {fileID: 0}
  m_PrefabInstance: {fileID: 0}
  m_PrefabAsset: {fileID: 0}
  serializedVersion: 6
  m_Component:
  - component: {fileID: 795107468938212589}
  - component: {fileID: 4370481284336417608}
  - component: {fileID: 1964667692485808002}
  - component: {fileID: 2129498285296058936}
  - component: {fileID: 6191273631689810736}
  - component: {fileID: 1949914788791139975}
  - component: {fileID: 173792782406128494}
  m_Layer: 0
  m_Name: IDMesh
  m_TagString: Untagged
  m_Icon: {fileID: 0}
  m_NavMeshLayer: 0
  m_StaticEditorFlags: 0
  m_IsActive: 1
--- !u!4 &795107468938212589
Transform:
  m_ObjectHideFlags: 0
  m_CorrespondingSourceObject: {fileID: 0}
  m_PrefabInstance: {fileID: 0}
  m_PrefabAsset: {fileID: 0}
  m_GameObject: {fileID: 18888146773225047}
  m_LocalRotation: {x: -0, y: 0.7071068, z: -0, w: 0.7071068}
  m_LocalPosition: {x: 0, y: 0, z: 0}
  m_LocalScale: {x: 1, y: 1, z: 1}
  m_Children:
  - {fileID: 6899129694170477158}
  m_Father: {fileID: 1475508525872928119}
  m_RootOrder: 1
  m_LocalEulerAnglesHint: {x: 0, y: 90, z: 0}
--- !u!33 &4370481284336417608
MeshFilter:
  m_ObjectHideFlags: 0
  m_CorrespondingSourceObject: {fileID: 0}
  m_PrefabInstance: {fileID: 0}
  m_PrefabAsset: {fileID: 0}
  m_GameObject: {fileID: 18888146773225047}
  m_Mesh: {fileID: -5495902117074765545, guid: c3649ae3e5eadcc458e8612b4242f08f, type: 3}
--- !u!23 &1964667692485808002
MeshRenderer:
  m_ObjectHideFlags: 0
  m_CorrespondingSourceObject: {fileID: 0}
  m_PrefabInstance: {fileID: 0}
  m_PrefabAsset: {fileID: 0}
  m_GameObject: {fileID: 18888146773225047}
  m_Enabled: 1
  m_CastShadows: 1
  m_ReceiveShadows: 1
  m_DynamicOccludee: 1
  m_MotionVectors: 1
  m_LightProbeUsage: 1
  m_ReflectionProbeUsage: 1
  m_RayTracingMode: 2
  m_RayTraceProcedural: 0
  m_RenderingLayerMask: 1
  m_RendererPriority: 0
  m_Materials:
  - {fileID: 2100000, guid: d478e435cc375dc428435ce5e2c2ea79, type: 2}
  - {fileID: 2100000, guid: caee97e50e614a84c99bdba234613af3, type: 2}
  m_StaticBatchInfo:
    firstSubMesh: 0
    subMeshCount: 0
  m_StaticBatchRoot: {fileID: 0}
  m_ProbeAnchor: {fileID: 0}
  m_LightProbeVolumeOverride: {fileID: 0}
  m_ScaleInLightmap: 1
  m_ReceiveGI: 1
  m_PreserveUVs: 0
  m_IgnoreNormalsForChartDetection: 0
  m_ImportantGI: 0
  m_StitchLightmapSeams: 1
  m_SelectedEditorRenderState: 3
  m_MinimumChartSize: 4
  m_AutoUVMaxDistance: 0.5
  m_AutoUVMaxAngle: 89
  m_LightmapParameters: {fileID: 0}
  m_SortingLayerID: 0
  m_SortingLayer: 0
  m_SortingOrder: 0
  m_AdditionalVertexStreams: {fileID: 0}
--- !u!65 &2129498285296058936
BoxCollider:
  m_ObjectHideFlags: 0
  m_CorrespondingSourceObject: {fileID: 0}
  m_PrefabInstance: {fileID: 0}
  m_PrefabAsset: {fileID: 0}
  m_GameObject: {fileID: 18888146773225047}
  m_Material: {fileID: 0}
  m_IsTrigger: 1
  m_Enabled: 1
  serializedVersion: 2
  m_Size: {x: 1.487163, y: 1.3778516, z: 1.7020022}
  m_Center: {x: 0.02068761, y: 0.02313298, z: 0.008446336}
--- !u!95 &6191273631689810736
Animator:
  serializedVersion: 3
  m_ObjectHideFlags: 0
  m_CorrespondingSourceObject: {fileID: 0}
  m_PrefabInstance: {fileID: 0}
  m_PrefabAsset: {fileID: 0}
  m_GameObject: {fileID: 18888146773225047}
  m_Enabled: 1
  m_Avatar: {fileID: 0}
  m_Controller: {fileID: 9100000, guid: 84dca05b3464732489a1a92092dbab68, type: 2}
  m_CullingMode: 0
  m_UpdateMode: 0
  m_ApplyRootMotion: 0
  m_LinearVelocityBlending: 0
  m_WarningMessage: 
  m_HasTransformHierarchy: 1
  m_AllowConstantClipSamplingOptimization: 1
  m_KeepAnimatorControllerStateOnDisable: 0
--- !u!114 &1949914788791139975
MonoBehaviour:
  m_ObjectHideFlags: 0
  m_CorrespondingSourceObject: {fileID: 0}
  m_PrefabInstance: {fileID: 0}
  m_PrefabAsset: {fileID: 0}
  m_GameObject: {fileID: 18888146773225047}
  m_Enabled: 1
  m_EditorHideFlags: 0
  m_Script: {fileID: 11500000, guid: 355ff9ce440a6d64aaacf9260542aeff, type: 3}
  m_Name: 
  m_EditorClassIdentifier: 
  animationsToTrigger:
  - audioPlayer: {fileID: 4514448203641627189}
    animator: {fileID: 6191273631689810736}
    triggerName: Pickup
--- !u!114 &173792782406128494
MonoBehaviour:
  m_ObjectHideFlags: 0
  m_CorrespondingSourceObject: {fileID: 0}
  m_PrefabInstance: {fileID: 0}
  m_PrefabAsset: {fileID: 0}
  m_GameObject: {fileID: 18888146773225047}
  m_Enabled: 1
  m_EditorHideFlags: 0
  m_Script: {fileID: 11500000, guid: c5d928bebce5d3047ab5e509b4d44e11, type: 3}
  m_Name: 
  m_EditorClassIdentifier: 
  inventory: {fileID: 11400000, guid: 6b81c82b64e108f4091a85cac757f7ff, type: 2}
  type: 0
  amount: 1
--- !u!1 &2268414099784330427
GameObject:
  m_ObjectHideFlags: 0
  m_CorrespondingSourceObject: {fileID: 0}
  m_PrefabInstance: {fileID: 0}
  m_PrefabAsset: {fileID: 0}
  serializedVersion: 6
  m_Component:
  - component: {fileID: 1475508525872928119}
  m_Layer: 0
  m_Name: ID
  m_TagString: Untagged
  m_Icon: {fileID: 0}
  m_NavMeshLayer: 0
  m_StaticEditorFlags: 0
  m_IsActive: 1
--- !u!4 &1475508525872928119
Transform:
  m_ObjectHideFlags: 0
  m_CorrespondingSourceObject: {fileID: 0}
  m_PrefabInstance: {fileID: 0}
  m_PrefabAsset: {fileID: 0}
  m_GameObject: {fileID: 2268414099784330427}
  m_LocalRotation: {x: 0, y: 0, z: 0, w: 1}
  m_LocalPosition: {x: 0, y: 0, z: 0}
  m_LocalScale: {x: 1, y: 1, z: 1}
  m_Children:
  - {fileID: 7867314972152643194}
  - {fileID: 795107468938212589}
  m_Father: {fileID: 0}
  m_RootOrder: 0
  m_LocalEulerAnglesHint: {x: 0, y: 0, z: 0}
--- !u!1001 &4060211628151760957
PrefabInstance:
  m_ObjectHideFlags: 0
  serializedVersion: 2
  m_Modification:
    m_TransformParent: {fileID: 795107468938212589}
    m_Modifications:
    - target: {fileID: 529385307066883689, guid: 0b1fc4540cc6a254caa2af658204cea9, type: 3}
      propertyPath: m_Name
      value: P_AudioEmitter
      objectReference: {fileID: 0}
    - target: {fileID: 7486782556797672027, guid: 0b1fc4540cc6a254caa2af658204cea9, type: 3}
      propertyPath: m_RootOrder
      value: 0
      objectReference: {fileID: 0}
    - target: {fileID: 7486782556797672027, guid: 0b1fc4540cc6a254caa2af658204cea9, type: 3}
      propertyPath: m_LocalPosition.x
      value: 0
      objectReference: {fileID: 0}
    - target: {fileID: 7486782556797672027, guid: 0b1fc4540cc6a254caa2af658204cea9, type: 3}
      propertyPath: m_LocalPosition.y
      value: 0
      objectReference: {fileID: 0}
    - target: {fileID: 7486782556797672027, guid: 0b1fc4540cc6a254caa2af658204cea9, type: 3}
      propertyPath: m_LocalPosition.z
      value: 0
      objectReference: {fileID: 0}
    - target: {fileID: 7486782556797672027, guid: 0b1fc4540cc6a254caa2af658204cea9, type: 3}
      propertyPath: m_LocalRotation.w
      value: 1
      objectReference: {fileID: 0}
    - target: {fileID: 7486782556797672027, guid: 0b1fc4540cc6a254caa2af658204cea9, type: 3}
      propertyPath: m_LocalRotation.x
      value: 0
      objectReference: {fileID: 0}
    - target: {fileID: 7486782556797672027, guid: 0b1fc4540cc6a254caa2af658204cea9, type: 3}
      propertyPath: m_LocalRotation.y
      value: 0
      objectReference: {fileID: 0}
    - target: {fileID: 7486782556797672027, guid: 0b1fc4540cc6a254caa2af658204cea9, type: 3}
      propertyPath: m_LocalRotation.z
      value: 0
      objectReference: {fileID: 0}
    - target: {fileID: 7486782556797672027, guid: 0b1fc4540cc6a254caa2af658204cea9, type: 3}
      propertyPath: m_LocalEulerAnglesHint.x
      value: 0
      objectReference: {fileID: 0}
    - target: {fileID: 7486782556797672027, guid: 0b1fc4540cc6a254caa2af658204cea9, type: 3}
      propertyPath: m_LocalEulerAnglesHint.y
      value: 0
      objectReference: {fileID: 0}
    - target: {fileID: 7486782556797672027, guid: 0b1fc4540cc6a254caa2af658204cea9, type: 3}
      propertyPath: m_LocalEulerAnglesHint.z
      value: 0
      objectReference: {fileID: 0}
    m_RemovedComponents: []
  m_SourcePrefab: {fileID: 100100000, guid: 0b1fc4540cc6a254caa2af658204cea9, type: 3}
--- !u!4 &6899129694170477158 stripped
Transform:
  m_CorrespondingSourceObject: {fileID: 7486782556797672027, guid: 0b1fc4540cc6a254caa2af658204cea9, type: 3}
  m_PrefabInstance: {fileID: 4060211628151760957}
  m_PrefabAsset: {fileID: 0}
--- !u!114 &4514448203641627189 stripped
MonoBehaviour:
  m_CorrespondingSourceObject: {fileID: 503926306267777544, guid: 0b1fc4540cc6a254caa2af658204cea9, type: 3}
  m_PrefabInstance: {fileID: 4060211628151760957}
  m_PrefabAsset: {fileID: 0}
  m_GameObject: {fileID: 0}
  m_Enabled: 1
  m_EditorHideFlags: 0
  m_Script: {fileID: 11500000, guid: 57adbb29ef8d8ae4db0ad244a7e87561, type: 3}
  m_Name: 
  m_EditorClassIdentifier: 
--- !u!1001 &6782163205999055028
PrefabInstance:
  m_ObjectHideFlags: 0
  serializedVersion: 2
  m_Modification:
    m_TransformParent: {fileID: 1475508525872928119}
    m_Modifications:
    - target: {fileID: 3688805197003976393, guid: 7fdd08f654f13be41a0bde4c171023a7, type: 3}
      propertyPath: m_Name
      value: P_TriggerDialogueZone
      objectReference: {fileID: 0}
    - target: {fileID: 3688805197003976398, guid: 7fdd08f654f13be41a0bde4c171023a7, type: 3}
      propertyPath: m_RootOrder
      value: 0
      objectReference: {fileID: 0}
    - target: {fileID: 3688805197003976398, guid: 7fdd08f654f13be41a0bde4c171023a7, type: 3}
      propertyPath: m_LocalScale.x
      value: 3.4852574
      objectReference: {fileID: 0}
    - target: {fileID: 3688805197003976398, guid: 7fdd08f654f13be41a0bde4c171023a7, type: 3}
      propertyPath: m_LocalScale.y
      value: 2.349659
      objectReference: {fileID: 0}
    - target: {fileID: 3688805197003976398, guid: 7fdd08f654f13be41a0bde4c171023a7, type: 3}
      propertyPath: m_LocalScale.z
      value: 2.65593
      objectReference: {fileID: 0}
    - target: {fileID: 3688805197003976398, guid: 7fdd08f654f13be41a0bde4c171023a7, type: 3}
      propertyPath: m_LocalPosition.x
      value: 0
      objectReference: {fileID: 0}
    - target: {fileID: 3688805197003976398, guid: 7fdd08f654f13be41a0bde4c171023a7, type: 3}
      propertyPath: m_LocalPosition.y
      value: 0
      objectReference: {fileID: 0}
    - target: {fileID: 3688805197003976398, guid: 7fdd08f654f13be41a0bde4c171023a7, type: 3}
      propertyPath: m_LocalPosition.z
      value: 0
      objectReference: {fileID: 0}
    - target: {fileID: 3688805197003976398, guid: 7fdd08f654f13be41a0bde4c171023a7, type: 3}
      propertyPath: m_LocalRotation.w
      value: 0.7071068
      objectReference: {fileID: 0}
    - target: {fileID: 3688805197003976398, guid: 7fdd08f654f13be41a0bde4c171023a7, type: 3}
      propertyPath: m_LocalRotation.x
      value: -0
      objectReference: {fileID: 0}
    - target: {fileID: 3688805197003976398, guid: 7fdd08f654f13be41a0bde4c171023a7, type: 3}
      propertyPath: m_LocalRotation.y
      value: 0.7071068
      objectReference: {fileID: 0}
    - target: {fileID: 3688805197003976398, guid: 7fdd08f654f13be41a0bde4c171023a7, type: 3}
      propertyPath: m_LocalRotation.z
      value: -0
      objectReference: {fileID: 0}
    - target: {fileID: 3688805197003976398, guid: 7fdd08f654f13be41a0bde4c171023a7, type: 3}
      propertyPath: m_LocalEulerAnglesHint.x
      value: 0
      objectReference: {fileID: 0}
    - target: {fileID: 3688805197003976398, guid: 7fdd08f654f13be41a0bde4c171023a7, type: 3}
      propertyPath: m_LocalEulerAnglesHint.y
      value: 0
      objectReference: {fileID: 0}
    - target: {fileID: 3688805197003976398, guid: 7fdd08f654f13be41a0bde4c171023a7, type: 3}
      propertyPath: m_LocalEulerAnglesHint.z
      value: 0
      objectReference: {fileID: 0}
    - target: {fileID: 3688805197003976399, guid: 7fdd08f654f13be41a0bde4c171023a7, type: 3}
      propertyPath: oneTime
      value: 1
      objectReference: {fileID: 0}
    - target: {fileID: 3688805197003976399, guid: 7fdd08f654f13be41a0bde4c171023a7, type: 3}
      propertyPath: activeDialogue.text
      value: Legitymacja! Kolejna szansa.
      objectReference: {fileID: 0}
    - target: {fileID: 3688805197003976399, guid: 7fdd08f654f13be41a0bde4c171023a7, type: 3}
      propertyPath: activeDialogue.narrator
      value: "Miros\u0142aw \u0106wiartka"
      objectReference: {fileID: 0}
    m_RemovedComponents: []
  m_SourcePrefab: {fileID: 100100000, guid: 7fdd08f654f13be41a0bde4c171023a7, type: 3}
--- !u!4 &7867314972152643194 stripped
Transform:
  m_CorrespondingSourceObject: {fileID: 3688805197003976398, guid: 7fdd08f654f13be41a0bde4c171023a7, type: 3}
  m_PrefabInstance: {fileID: 6782163205999055028}
  m_PrefabAsset: {fileID: 0}
