%YAML 1.1
%TAG !u! tag:unity3d.com,2011:
--- !u!1 &2445897167940989158
GameObject:
  m_ObjectHideFlags: 0
  m_CorrespondingSourceObject: {fileID: 0}
  m_PrefabInstance: {fileID: 0}
  m_PrefabAsset: {fileID: 0}
  serializedVersion: 6
  m_Component:
  - component: {fileID: 6006553441015373591}
  m_Layer: 0
  m_Name: P_Light_BossFight
  m_TagString: Untagged
  m_Icon: {fileID: 0}
  m_NavMeshLayer: 0
  m_StaticEditorFlags: 0
  m_IsActive: 1
--- !u!4 &6006553441015373591
Transform:
  m_ObjectHideFlags: 0
  m_CorrespondingSourceObject: {fileID: 0}
  m_PrefabInstance: {fileID: 0}
  m_PrefabAsset: {fileID: 0}
  m_GameObject: {fileID: 2445897167940989158}
  m_LocalRotation: {x: 0, y: 0, z: 0, w: 1}
  m_LocalPosition: {x: -101.6515, y: -71.68861, z: 39.681725}
  m_LocalScale: {x: 1, y: 1, z: 1}
  m_Children:
  - {fileID: 8920629402487935879}
  - {fileID: 8920629402742519825}
  - {fileID: 9205847500901904790}
  - {fileID: 8531900853242394959}
  - {fileID: 1414349567841764788}
  - {fileID: 5512621437200666217}
  - {fileID: 4796430232144116781}
  - {fileID: 302678357442648230}
  - {fileID: 8573784596794476831}
  m_Father: {fileID: 0}
  m_RootOrder: 0
  m_LocalEulerAnglesHint: {x: 0, y: 0, z: 0}
--- !u!1 &9067973787641750465
GameObject:
  m_ObjectHideFlags: 0
  m_CorrespondingSourceObject: {fileID: 0}
  m_PrefabInstance: {fileID: 0}
  m_PrefabAsset: {fileID: 0}
  serializedVersion: 6
  m_Component:
  - component: {fileID: 1414349567841764788}
  - component: {fileID: 8730799378368650633}
  m_Layer: 0
  m_Name: BossSpotlight
  m_TagString: Untagged
  m_Icon: {fileID: 0}
  m_NavMeshLayer: 0
  m_StaticEditorFlags: 0
  m_IsActive: 1
--- !u!4 &1414349567841764788
Transform:
  m_ObjectHideFlags: 0
  m_CorrespondingSourceObject: {fileID: 0}
  m_PrefabInstance: {fileID: 0}
  m_PrefabAsset: {fileID: 0}
  m_GameObject: {fileID: 9067973787641750465}
  m_LocalRotation: {x: 0.5, y: -0.5, z: 0.5, w: 0.5}
  m_LocalPosition: {x: 108.4915, y: 90.86861, z: -8.881725}
  m_LocalScale: {x: 1, y: 1, z: 1}
  m_Children: []
  m_Father: {fileID: 6006553441015373591}
  m_RootOrder: 4
  m_LocalEulerAnglesHint: {x: 90, y: -90, z: 0}
--- !u!108 &8730799378368650633
Light:
  m_ObjectHideFlags: 0
  m_CorrespondingSourceObject: {fileID: 0}
  m_PrefabInstance: {fileID: 0}
  m_PrefabAsset: {fileID: 0}
  m_GameObject: {fileID: 9067973787641750465}
  m_Enabled: 1
  serializedVersion: 10
  m_Type: 0
  m_Shape: 0
  m_Color: {r: 0.9811321, g: 0.087931626, b: 0.11087461, a: 1}
  m_Intensity: 5.93
  m_Range: 20
  m_SpotAngle: 30
  m_InnerSpotAngle: 21.80208
  m_CookieSize: 10
  m_Shadows:
    m_Type: 0
    m_Resolution: -1
    m_CustomResolution: -1
    m_Strength: 1
    m_Bias: 0.05
    m_NormalBias: 0.4
    m_NearPlane: 0.2
    m_CullingMatrixOverride:
      e00: 1
      e01: 0
      e02: 0
      e03: 0
      e10: 0
      e11: 1
      e12: 0
      e13: 0
      e20: 0
      e21: 0
      e22: 1
      e23: 0
      e30: 0
      e31: 0
      e32: 0
      e33: 1
    m_UseCullingMatrixOverride: 0
  m_Cookie: {fileID: 0}
  m_DrawHalo: 0
  m_Flare: {fileID: 0}
  m_RenderMode: 0
  m_CullingMask:
    serializedVersion: 2
    m_Bits: 4294967295
  m_RenderingLayerMask: 1
  m_Lightmapping: 4
  m_LightShadowCasterMode: 0
  m_AreaSize: {x: 1, y: 1}
  m_BounceIntensity: 1
  m_ColorTemperature: 6570
  m_UseColorTemperature: 0
  m_BoundingSphereOverride: {x: 0, y: 0, z: 0, w: 0}
  m_UseBoundingSphereOverride: 0
  m_UseViewFrustumForShadowCasterCull: 1
  m_ShadowRadius: 0
  m_ShadowAngle: 0
--- !u!1001 &150398856434777015
PrefabInstance:
  m_ObjectHideFlags: 0
  serializedVersion: 2
  m_Modification:
    m_TransformParent: {fileID: 6006553441015373591}
    m_Modifications:
    - target: {fileID: 8255647287418837276, guid: ff34d309f25e050459a46e957eb2d2a0, type: 3}
      propertyPath: m_Name
      value: Torch (1)
      objectReference: {fileID: 0}
    - target: {fileID: 8780369847808951206, guid: ff34d309f25e050459a46e957eb2d2a0, type: 3}
      propertyPath: m_RootOrder
      value: 1
      objectReference: {fileID: 0}
    - target: {fileID: 8780369847808951206, guid: ff34d309f25e050459a46e957eb2d2a0, type: 3}
      propertyPath: m_LocalPosition.x
      value: 94.323784
      objectReference: {fileID: 0}
    - target: {fileID: 8780369847808951206, guid: ff34d309f25e050459a46e957eb2d2a0, type: 3}
      propertyPath: m_LocalPosition.y
      value: 70.9586
      objectReference: {fileID: 0}
    - target: {fileID: 8780369847808951206, guid: ff34d309f25e050459a46e957eb2d2a0, type: 3}
      propertyPath: m_LocalPosition.z
      value: -6.3334885
      objectReference: {fileID: 0}
    - target: {fileID: 8780369847808951206, guid: ff34d309f25e050459a46e957eb2d2a0, type: 3}
      propertyPath: m_LocalRotation.w
      value: 0.7071068
      objectReference: {fileID: 0}
    - target: {fileID: 8780369847808951206, guid: ff34d309f25e050459a46e957eb2d2a0, type: 3}
      propertyPath: m_LocalRotation.x
      value: -0
      objectReference: {fileID: 0}
    - target: {fileID: 8780369847808951206, guid: ff34d309f25e050459a46e957eb2d2a0, type: 3}
      propertyPath: m_LocalRotation.y
      value: 0.7071068
      objectReference: {fileID: 0}
    - target: {fileID: 8780369847808951206, guid: ff34d309f25e050459a46e957eb2d2a0, type: 3}
      propertyPath: m_LocalRotation.z
      value: -0
      objectReference: {fileID: 0}
    - target: {fileID: 8780369847808951206, guid: ff34d309f25e050459a46e957eb2d2a0, type: 3}
      propertyPath: m_LocalEulerAnglesHint.x
      value: 0
      objectReference: {fileID: 0}
    - target: {fileID: 8780369847808951206, guid: ff34d309f25e050459a46e957eb2d2a0, type: 3}
      propertyPath: m_LocalEulerAnglesHint.y
      value: 90
      objectReference: {fileID: 0}
    - target: {fileID: 8780369847808951206, guid: ff34d309f25e050459a46e957eb2d2a0, type: 3}
      propertyPath: m_LocalEulerAnglesHint.z
      value: 0
      objectReference: {fileID: 0}
    m_RemovedComponents: []
  m_SourcePrefab: {fileID: 100100000, guid: ff34d309f25e050459a46e957eb2d2a0, type: 3}
--- !u!4 &8920629402742519825 stripped
Transform:
  m_CorrespondingSourceObject: {fileID: 8780369847808951206, guid: ff34d309f25e050459a46e957eb2d2a0, type: 3}
  m_PrefabInstance: {fileID: 150398856434777015}
  m_PrefabAsset: {fileID: 0}
--- !u!1001 &150398857216708641
PrefabInstance:
  m_ObjectHideFlags: 0
  serializedVersion: 2
  m_Modification:
    m_TransformParent: {fileID: 6006553441015373591}
    m_Modifications:
    - target: {fileID: 8255647287418837276, guid: ff34d309f25e050459a46e957eb2d2a0, type: 3}
      propertyPath: m_Name
      value: Torch
      objectReference: {fileID: 0}
    - target: {fileID: 8780369847808951206, guid: ff34d309f25e050459a46e957eb2d2a0, type: 3}
      propertyPath: m_RootOrder
      value: 0
      objectReference: {fileID: 0}
    - target: {fileID: 8780369847808951206, guid: ff34d309f25e050459a46e957eb2d2a0, type: 3}
      propertyPath: m_LocalPosition.x
      value: 94.323784
      objectReference: {fileID: 0}
    - target: {fileID: 8780369847808951206, guid: ff34d309f25e050459a46e957eb2d2a0, type: 3}
      propertyPath: m_LocalPosition.y
      value: 70.9586
      objectReference: {fileID: 0}
    - target: {fileID: 8780369847808951206, guid: ff34d309f25e050459a46e957eb2d2a0, type: 3}
      propertyPath: m_LocalPosition.z
      value: -12.19949
      objectReference: {fileID: 0}
    - target: {fileID: 8780369847808951206, guid: ff34d309f25e050459a46e957eb2d2a0, type: 3}
      propertyPath: m_LocalRotation.w
      value: 0.7071068
      objectReference: {fileID: 0}
    - target: {fileID: 8780369847808951206, guid: ff34d309f25e050459a46e957eb2d2a0, type: 3}
      propertyPath: m_LocalRotation.x
      value: -0
      objectReference: {fileID: 0}
    - target: {fileID: 8780369847808951206, guid: ff34d309f25e050459a46e957eb2d2a0, type: 3}
      propertyPath: m_LocalRotation.y
      value: 0.7071068
      objectReference: {fileID: 0}
    - target: {fileID: 8780369847808951206, guid: ff34d309f25e050459a46e957eb2d2a0, type: 3}
      propertyPath: m_LocalRotation.z
      value: -0
      objectReference: {fileID: 0}
    - target: {fileID: 8780369847808951206, guid: ff34d309f25e050459a46e957eb2d2a0, type: 3}
      propertyPath: m_LocalEulerAnglesHint.x
      value: 0
      objectReference: {fileID: 0}
    - target: {fileID: 8780369847808951206, guid: ff34d309f25e050459a46e957eb2d2a0, type: 3}
      propertyPath: m_LocalEulerAnglesHint.y
      value: 90
      objectReference: {fileID: 0}
    - target: {fileID: 8780369847808951206, guid: ff34d309f25e050459a46e957eb2d2a0, type: 3}
      propertyPath: m_LocalEulerAnglesHint.z
      value: 0
      objectReference: {fileID: 0}
    m_RemovedComponents: []
  m_SourcePrefab: {fileID: 100100000, guid: ff34d309f25e050459a46e957eb2d2a0, type: 3}
--- !u!4 &8920629402487935879 stripped
Transform:
  m_CorrespondingSourceObject: {fileID: 8780369847808951206, guid: ff34d309f25e050459a46e957eb2d2a0, type: 3}
  m_PrefabInstance: {fileID: 150398857216708641}
  m_PrefabAsset: {fileID: 0}
--- !u!1001 &440119507321156144
PrefabInstance:
  m_ObjectHideFlags: 0
  serializedVersion: 2
  m_Modification:
    m_TransformParent: {fileID: 6006553441015373591}
    m_Modifications:
    - target: {fileID: 8255647287418837276, guid: ff34d309f25e050459a46e957eb2d2a0, type: 3}
      propertyPath: m_Name
      value: Torch (2)
      objectReference: {fileID: 0}
    - target: {fileID: 8780369847808951206, guid: ff34d309f25e050459a46e957eb2d2a0, type: 3}
      propertyPath: m_RootOrder
      value: 2
      objectReference: {fileID: 0}
    - target: {fileID: 8780369847808951206, guid: ff34d309f25e050459a46e957eb2d2a0, type: 3}
      propertyPath: m_LocalPosition.x
      value: 127.37
      objectReference: {fileID: 0}
    - target: {fileID: 8780369847808951206, guid: ff34d309f25e050459a46e957eb2d2a0, type: 3}
      propertyPath: m_LocalPosition.y
      value: 70.99
      objectReference: {fileID: 0}
    - target: {fileID: 8780369847808951206, guid: ff34d309f25e050459a46e957eb2d2a0, type: 3}
      propertyPath: m_LocalPosition.z
      value: -17.954
      objectReference: {fileID: 0}
    - target: {fileID: 8780369847808951206, guid: ff34d309f25e050459a46e957eb2d2a0, type: 3}
      propertyPath: m_LocalRotation.w
      value: 1
      objectReference: {fileID: 0}
    - target: {fileID: 8780369847808951206, guid: ff34d309f25e050459a46e957eb2d2a0, type: 3}
      propertyPath: m_LocalRotation.x
      value: 0
      objectReference: {fileID: 0}
    - target: {fileID: 8780369847808951206, guid: ff34d309f25e050459a46e957eb2d2a0, type: 3}
      propertyPath: m_LocalRotation.y
      value: 0
      objectReference: {fileID: 0}
    - target: {fileID: 8780369847808951206, guid: ff34d309f25e050459a46e957eb2d2a0, type: 3}
      propertyPath: m_LocalRotation.z
      value: 0
      objectReference: {fileID: 0}
    - target: {fileID: 8780369847808951206, guid: ff34d309f25e050459a46e957eb2d2a0, type: 3}
      propertyPath: m_LocalEulerAnglesHint.x
      value: 0
      objectReference: {fileID: 0}
    - target: {fileID: 8780369847808951206, guid: ff34d309f25e050459a46e957eb2d2a0, type: 3}
      propertyPath: m_LocalEulerAnglesHint.y
      value: 0
      objectReference: {fileID: 0}
    - target: {fileID: 8780369847808951206, guid: ff34d309f25e050459a46e957eb2d2a0, type: 3}
      propertyPath: m_LocalEulerAnglesHint.z
      value: 0
      objectReference: {fileID: 0}
    m_RemovedComponents: []
  m_SourcePrefab: {fileID: 100100000, guid: ff34d309f25e050459a46e957eb2d2a0, type: 3}
--- !u!4 &9205847500901904790 stripped
Transform:
  m_CorrespondingSourceObject: {fileID: 8780369847808951206, guid: ff34d309f25e050459a46e957eb2d2a0, type: 3}
  m_PrefabInstance: {fileID: 440119507321156144}
  m_PrefabAsset: {fileID: 0}
--- !u!1001 &1091578037596752569
PrefabInstance:
  m_ObjectHideFlags: 0
  serializedVersion: 2
  m_Modification:
    m_TransformParent: {fileID: 6006553441015373591}
    m_Modifications:
    - target: {fileID: 8255647287418837276, guid: ff34d309f25e050459a46e957eb2d2a0, type: 3}
      propertyPath: m_Name
      value: Torch (7)
      objectReference: {fileID: 0}
    - target: {fileID: 8780369847808951206, guid: ff34d309f25e050459a46e957eb2d2a0, type: 3}
      propertyPath: m_RootOrder
      value: 8
      objectReference: {fileID: 0}
    - target: {fileID: 8780369847808951206, guid: ff34d309f25e050459a46e957eb2d2a0, type: 3}
      propertyPath: m_LocalPosition.x
      value: 114.94
      objectReference: {fileID: 0}
    - target: {fileID: 8780369847808951206, guid: ff34d309f25e050459a46e957eb2d2a0, type: 3}
      propertyPath: m_LocalPosition.y
      value: 70.9586
      objectReference: {fileID: 0}
    - target: {fileID: 8780369847808951206, guid: ff34d309f25e050459a46e957eb2d2a0, type: 3}
      propertyPath: m_LocalPosition.z
      value: -27.764
      objectReference: {fileID: 0}
    - target: {fileID: 8780369847808951206, guid: ff34d309f25e050459a46e957eb2d2a0, type: 3}
      propertyPath: m_LocalRotation.w
      value: 1
      objectReference: {fileID: 0}
    - target: {fileID: 8780369847808951206, guid: ff34d309f25e050459a46e957eb2d2a0, type: 3}
      propertyPath: m_LocalRotation.x
      value: 0
      objectReference: {fileID: 0}
    - target: {fileID: 8780369847808951206, guid: ff34d309f25e050459a46e957eb2d2a0, type: 3}
      propertyPath: m_LocalRotation.y
      value: 0
      objectReference: {fileID: 0}
    - target: {fileID: 8780369847808951206, guid: ff34d309f25e050459a46e957eb2d2a0, type: 3}
      propertyPath: m_LocalRotation.z
      value: 0
      objectReference: {fileID: 0}
    - target: {fileID: 8780369847808951206, guid: ff34d309f25e050459a46e957eb2d2a0, type: 3}
      propertyPath: m_LocalEulerAnglesHint.x
      value: 0
      objectReference: {fileID: 0}
    - target: {fileID: 8780369847808951206, guid: ff34d309f25e050459a46e957eb2d2a0, type: 3}
      propertyPath: m_LocalEulerAnglesHint.y
      value: 0
      objectReference: {fileID: 0}
    - target: {fileID: 8780369847808951206, guid: ff34d309f25e050459a46e957eb2d2a0, type: 3}
      propertyPath: m_LocalEulerAnglesHint.z
      value: 0
      objectReference: {fileID: 0}
    m_RemovedComponents: []
  m_SourcePrefab: {fileID: 100100000, guid: ff34d309f25e050459a46e957eb2d2a0, type: 3}
--- !u!4 &8573784596794476831 stripped
Transform:
  m_CorrespondingSourceObject: {fileID: 8780369847808951206, guid: ff34d309f25e050459a46e957eb2d2a0, type: 3}
  m_PrefabInstance: {fileID: 1091578037596752569}
  m_PrefabAsset: {fileID: 0}
--- !u!1001 &1134138841396509417
PrefabInstance:
  m_ObjectHideFlags: 0
  serializedVersion: 2
  m_Modification:
    m_TransformParent: {fileID: 6006553441015373591}
    m_Modifications:
    - target: {fileID: 8255647287418837276, guid: ff34d309f25e050459a46e957eb2d2a0, type: 3}
      propertyPath: m_Name
      value: Torch (3)
      objectReference: {fileID: 0}
    - target: {fileID: 8780369847808951206, guid: ff34d309f25e050459a46e957eb2d2a0, type: 3}
      propertyPath: m_RootOrder
      value: 3
      objectReference: {fileID: 0}
    - target: {fileID: 8780369847808951206, guid: ff34d309f25e050459a46e957eb2d2a0, type: 3}
      propertyPath: m_LocalPosition.x
      value: 127.25001
      objectReference: {fileID: 0}
    - target: {fileID: 8780369847808951206, guid: ff34d309f25e050459a46e957eb2d2a0, type: 3}
      propertyPath: m_LocalPosition.y
      value: 70.9586
      objectReference: {fileID: 0}
    - target: {fileID: 8780369847808951206, guid: ff34d309f25e050459a46e957eb2d2a0, type: 3}
      propertyPath: m_LocalPosition.z
      value: 0.294
      objectReference: {fileID: 0}
    - target: {fileID: 8780369847808951206, guid: ff34d309f25e050459a46e957eb2d2a0, type: 3}
      propertyPath: m_LocalRotation.w
      value: 0
      objectReference: {fileID: 0}
    - target: {fileID: 8780369847808951206, guid: ff34d309f25e050459a46e957eb2d2a0, type: 3}
      propertyPath: m_LocalRotation.x
      value: 0
      objectReference: {fileID: 0}
    - target: {fileID: 8780369847808951206, guid: ff34d309f25e050459a46e957eb2d2a0, type: 3}
      propertyPath: m_LocalRotation.y
      value: 1
      objectReference: {fileID: 0}
    - target: {fileID: 8780369847808951206, guid: ff34d309f25e050459a46e957eb2d2a0, type: 3}
      propertyPath: m_LocalRotation.z
      value: 0
      objectReference: {fileID: 0}
    - target: {fileID: 8780369847808951206, guid: ff34d309f25e050459a46e957eb2d2a0, type: 3}
      propertyPath: m_LocalEulerAnglesHint.x
      value: 0
      objectReference: {fileID: 0}
    - target: {fileID: 8780369847808951206, guid: ff34d309f25e050459a46e957eb2d2a0, type: 3}
      propertyPath: m_LocalEulerAnglesHint.y
      value: 180
      objectReference: {fileID: 0}
    - target: {fileID: 8780369847808951206, guid: ff34d309f25e050459a46e957eb2d2a0, type: 3}
      propertyPath: m_LocalEulerAnglesHint.z
      value: 0
      objectReference: {fileID: 0}
    m_RemovedComponents: []
  m_SourcePrefab: {fileID: 100100000, guid: ff34d309f25e050459a46e957eb2d2a0, type: 3}
--- !u!4 &8531900853242394959 stripped
Transform:
  m_CorrespondingSourceObject: {fileID: 8780369847808951206, guid: ff34d309f25e050459a46e957eb2d2a0, type: 3}
  m_PrefabInstance: {fileID: 1134138841396509417}
  m_PrefabAsset: {fileID: 0}
--- !u!1001 &3844631687316671951
PrefabInstance:
  m_ObjectHideFlags: 0
  serializedVersion: 2
  m_Modification:
    m_TransformParent: {fileID: 6006553441015373591}
    m_Modifications:
    - target: {fileID: 8255647287418837276, guid: ff34d309f25e050459a46e957eb2d2a0, type: 3}
      propertyPath: m_Name
      value: Torch (4)
      objectReference: {fileID: 0}
    - target: {fileID: 8780369847808951206, guid: ff34d309f25e050459a46e957eb2d2a0, type: 3}
      propertyPath: m_RootOrder
      value: 5
      objectReference: {fileID: 0}
    - target: {fileID: 8780369847808951206, guid: ff34d309f25e050459a46e957eb2d2a0, type: 3}
      propertyPath: m_LocalPosition.x
      value: 114.94
      objectReference: {fileID: 0}
    - target: {fileID: 8780369847808951206, guid: ff34d309f25e050459a46e957eb2d2a0, type: 3}
      propertyPath: m_LocalPosition.y
      value: 70.9586
      objectReference: {fileID: 0}
    - target: {fileID: 8780369847808951206, guid: ff34d309f25e050459a46e957eb2d2a0, type: 3}
      propertyPath: m_LocalPosition.z
      value: 9.973
      objectReference: {fileID: 0}
    - target: {fileID: 8780369847808951206, guid: ff34d309f25e050459a46e957eb2d2a0, type: 3}
      propertyPath: m_LocalRotation.w
      value: 0
      objectReference: {fileID: 0}
    - target: {fileID: 8780369847808951206, guid: ff34d309f25e050459a46e957eb2d2a0, type: 3}
      propertyPath: m_LocalRotation.x
      value: 0
      objectReference: {fileID: 0}
    - target: {fileID: 8780369847808951206, guid: ff34d309f25e050459a46e957eb2d2a0, type: 3}
      propertyPath: m_LocalRotation.y
      value: 1
      objectReference: {fileID: 0}
    - target: {fileID: 8780369847808951206, guid: ff34d309f25e050459a46e957eb2d2a0, type: 3}
      propertyPath: m_LocalRotation.z
      value: 0
      objectReference: {fileID: 0}
    - target: {fileID: 8780369847808951206, guid: ff34d309f25e050459a46e957eb2d2a0, type: 3}
      propertyPath: m_LocalEulerAnglesHint.x
      value: 0
      objectReference: {fileID: 0}
    - target: {fileID: 8780369847808951206, guid: ff34d309f25e050459a46e957eb2d2a0, type: 3}
      propertyPath: m_LocalEulerAnglesHint.y
      value: 180
      objectReference: {fileID: 0}
    - target: {fileID: 8780369847808951206, guid: ff34d309f25e050459a46e957eb2d2a0, type: 3}
      propertyPath: m_LocalEulerAnglesHint.z
      value: 0
      objectReference: {fileID: 0}
    m_RemovedComponents: []
  m_SourcePrefab: {fileID: 100100000, guid: ff34d309f25e050459a46e957eb2d2a0, type: 3}
--- !u!4 &5512621437200666217 stripped
Transform:
  m_CorrespondingSourceObject: {fileID: 8780369847808951206, guid: ff34d309f25e050459a46e957eb2d2a0, type: 3}
  m_PrefabInstance: {fileID: 3844631687316671951}
  m_PrefabAsset: {fileID: 0}
--- !u!1001 &4272354985210085259
PrefabInstance:
  m_ObjectHideFlags: 0
  serializedVersion: 2
  m_Modification:
    m_TransformParent: {fileID: 6006553441015373591}
    m_Modifications:
    - target: {fileID: 8255647287418837276, guid: ff34d309f25e050459a46e957eb2d2a0, type: 3}
      propertyPath: m_Name
      value: Torch (5)
      objectReference: {fileID: 0}
    - target: {fileID: 8780369847808951206, guid: ff34d309f25e050459a46e957eb2d2a0, type: 3}
      propertyPath: m_RootOrder
      value: 6
      objectReference: {fileID: 0}
    - target: {fileID: 8780369847808951206, guid: ff34d309f25e050459a46e957eb2d2a0, type: 3}
      propertyPath: m_LocalPosition.x
      value: 102.14
      objectReference: {fileID: 0}
    - target: {fileID: 8780369847808951206, guid: ff34d309f25e050459a46e957eb2d2a0, type: 3}
      propertyPath: m_LocalPosition.y
      value: 70.9586
      objectReference: {fileID: 0}
    - target: {fileID: 8780369847808951206, guid: ff34d309f25e050459a46e957eb2d2a0, type: 3}
      propertyPath: m_LocalPosition.z
      value: 9.973
      objectReference: {fileID: 0}
    - target: {fileID: 8780369847808951206, guid: ff34d309f25e050459a46e957eb2d2a0, type: 3}
      propertyPath: m_LocalRotation.w
      value: 0
      objectReference: {fileID: 0}
    - target: {fileID: 8780369847808951206, guid: ff34d309f25e050459a46e957eb2d2a0, type: 3}
      propertyPath: m_LocalRotation.x
      value: 0
      objectReference: {fileID: 0}
    - target: {fileID: 8780369847808951206, guid: ff34d309f25e050459a46e957eb2d2a0, type: 3}
      propertyPath: m_LocalRotation.y
      value: 1
      objectReference: {fileID: 0}
    - target: {fileID: 8780369847808951206, guid: ff34d309f25e050459a46e957eb2d2a0, type: 3}
      propertyPath: m_LocalRotation.z
      value: 0
      objectReference: {fileID: 0}
    - target: {fileID: 8780369847808951206, guid: ff34d309f25e050459a46e957eb2d2a0, type: 3}
      propertyPath: m_LocalEulerAnglesHint.x
      value: 0
      objectReference: {fileID: 0}
    - target: {fileID: 8780369847808951206, guid: ff34d309f25e050459a46e957eb2d2a0, type: 3}
      propertyPath: m_LocalEulerAnglesHint.y
      value: 180
      objectReference: {fileID: 0}
    - target: {fileID: 8780369847808951206, guid: ff34d309f25e050459a46e957eb2d2a0, type: 3}
      propertyPath: m_LocalEulerAnglesHint.z
      value: 0
      objectReference: {fileID: 0}
    m_RemovedComponents: []
  m_SourcePrefab: {fileID: 100100000, guid: ff34d309f25e050459a46e957eb2d2a0, type: 3}
--- !u!4 &4796430232144116781 stripped
Transform:
  m_CorrespondingSourceObject: {fileID: 8780369847808951206, guid: ff34d309f25e050459a46e957eb2d2a0, type: 3}
  m_PrefabInstance: {fileID: 4272354985210085259}
  m_PrefabAsset: {fileID: 0}
--- !u!1001 &9072914349905238784
PrefabInstance:
  m_ObjectHideFlags: 0
  serializedVersion: 2
  m_Modification:
    m_TransformParent: {fileID: 6006553441015373591}
    m_Modifications:
    - target: {fileID: 8255647287418837276, guid: ff34d309f25e050459a46e957eb2d2a0, type: 3}
      propertyPath: m_Name
      value: Torch (6)
      objectReference: {fileID: 0}
    - target: {fileID: 8780369847808951206, guid: ff34d309f25e050459a46e957eb2d2a0, type: 3}
      propertyPath: m_RootOrder
      value: 7
      objectReference: {fileID: 0}
    - target: {fileID: 8780369847808951206, guid: ff34d309f25e050459a46e957eb2d2a0, type: 3}
      propertyPath: m_LocalPosition.x
      value: 102.14
      objectReference: {fileID: 0}
    - target: {fileID: 8780369847808951206, guid: ff34d309f25e050459a46e957eb2d2a0, type: 3}
      propertyPath: m_LocalPosition.y
      value: 70.9586
      objectReference: {fileID: 0}
    - target: {fileID: 8780369847808951206, guid: ff34d309f25e050459a46e957eb2d2a0, type: 3}
      propertyPath: m_LocalPosition.z
      value: -27.764
      objectReference: {fileID: 0}
    - target: {fileID: 8780369847808951206, guid: ff34d309f25e050459a46e957eb2d2a0, type: 3}
      propertyPath: m_LocalRotation.w
      value: 1
      objectReference: {fileID: 0}
    - target: {fileID: 8780369847808951206, guid: ff34d309f25e050459a46e957eb2d2a0, type: 3}
      propertyPath: m_LocalRotation.x
      value: 0
      objectReference: {fileID: 0}
    - target: {fileID: 8780369847808951206, guid: ff34d309f25e050459a46e957eb2d2a0, type: 3}
      propertyPath: m_LocalRotation.y
      value: 0
      objectReference: {fileID: 0}
    - target: {fileID: 8780369847808951206, guid: ff34d309f25e050459a46e957eb2d2a0, type: 3}
      propertyPath: m_LocalRotation.z
      value: 0
      objectReference: {fileID: 0}
    - target: {fileID: 8780369847808951206, guid: ff34d309f25e050459a46e957eb2d2a0, type: 3}
      propertyPath: m_LocalEulerAnglesHint.x
      value: 0
      objectReference: {fileID: 0}
    - target: {fileID: 8780369847808951206, guid: ff34d309f25e050459a46e957eb2d2a0, type: 3}
      propertyPath: m_LocalEulerAnglesHint.y
      value: 0
      objectReference: {fileID: 0}
    - target: {fileID: 8780369847808951206, guid: ff34d309f25e050459a46e957eb2d2a0, type: 3}
      propertyPath: m_LocalEulerAnglesHint.z
      value: 0
      objectReference: {fileID: 0}
    m_RemovedComponents: []
  m_SourcePrefab: {fileID: 100100000, guid: ff34d309f25e050459a46e957eb2d2a0, type: 3}
--- !u!4 &302678357442648230 stripped
Transform:
  m_CorrespondingSourceObject: {fileID: 8780369847808951206, guid: ff34d309f25e050459a46e957eb2d2a0, type: 3}
  m_PrefabInstance: {fileID: 9072914349905238784}
  m_PrefabAsset: {fileID: 0}
