%YAML 1.1
%TAG !u! tag:unity3d.com,2011:
--- !u!1 &1975190930525550031
GameObject:
  m_ObjectHideFlags: 0
  m_CorrespondingSourceObject: {fileID: 0}
  m_PrefabInstance: {fileID: 0}
  m_PrefabAsset: {fileID: 0}
  serializedVersion: 6
  m_Component:
  - component: {fileID: 7193076753838005315}
  m_Layer: 0
  m_Name: PlayerInitBulletPosition
  m_TagString: Untagged
  m_Icon: {fileID: 0}
  m_NavMeshLayer: 0
  m_StaticEditorFlags: 0
  m_IsActive: 1
--- !u!4 &7193076753838005315
Transform:
  m_ObjectHideFlags: 0
  m_CorrespondingSourceObject: {fileID: 0}
  m_PrefabInstance: {fileID: 0}
  m_PrefabAsset: {fileID: 0}
  m_GameObject: {fileID: 1975190930525550031}
  m_LocalRotation: {x: 0, y: 0, z: 0, w: 1}
  m_LocalPosition: {x: 0.362, y: 2.115, z: -0.081}
  m_LocalScale: {x: 1, y: 1, z: 1}
  m_Children: []
  m_Father: {fileID: 7521364619938679442}
  m_RootOrder: 1
  m_LocalEulerAnglesHint: {x: 0, y: 0, z: 0}
--- !u!95 &7521364619977987240
Animator:
  serializedVersion: 3
  m_ObjectHideFlags: 0
  m_CorrespondingSourceObject: {fileID: 0}
  m_PrefabInstance: {fileID: 0}
  m_PrefabAsset: {fileID: 0}
  m_GameObject: {fileID: 7250840017579119434}
  m_Enabled: 1
  m_Avatar: {fileID: 0}
  m_Controller: {fileID: 9100000, guid: 36f1caeb1c2aa62429bb16d36f66ade0, type: 2}
  m_CullingMode: 0
  m_UpdateMode: 0
  m_ApplyRootMotion: 0
  m_LinearVelocityBlending: 0
  m_WarningMessage: 
  m_HasTransformHierarchy: 1
  m_AllowConstantClipSamplingOptimization: 1
  m_KeepAnimatorControllerStateOnDisable: 0
--- !u!1 &7521364619938679441
GameObject:
  m_ObjectHideFlags: 0
  m_CorrespondingSourceObject: {fileID: 0}
  m_PrefabInstance: {fileID: 0}
  m_PrefabAsset: {fileID: 0}
  serializedVersion: 6
  m_Component:
  - component: {fileID: 7521364619938679442}
  - component: {fileID: 7521364619938679432}
  - component: {fileID: 7521364619938679439}
  - component: {fileID: 7521364619938679438}
  - component: {fileID: 7521364619938679437}
  - component: {fileID: 7521364619938679436}
  - component: {fileID: 7521364619938679443}
  - component: {fileID: 7561182804601234252}
  - component: {fileID: 7538520800071104240}
  - component: {fileID: 5464758289694278104}
  m_Layer: 0
  m_Name: P_Player
  m_TagString: Player
  m_Icon: {fileID: 0}
  m_NavMeshLayer: 0
  m_StaticEditorFlags: 0
  m_IsActive: 1
--- !u!4 &7521364619938679442
Transform:
  m_ObjectHideFlags: 0
  m_CorrespondingSourceObject: {fileID: 0}
  m_PrefabInstance: {fileID: 0}
  m_PrefabAsset: {fileID: 0}
  m_GameObject: {fileID: 7521364619938679441}
  m_LocalRotation: {x: 0, y: 0, z: 0, w: 1}
  m_LocalPosition: {x: 1.8322518, y: 0.6987999, z: -5.291315}
  m_LocalScale: {x: 1, y: 1, z: 1}
  m_Children:
  - {fileID: 8064812480499403248}
  - {fileID: 7193076753838005315}
  m_Father: {fileID: 0}
  m_RootOrder: 0
  m_LocalEulerAnglesHint: {x: 0, y: 0, z: 0}
--- !u!54 &7521364619938679432
Rigidbody:
  m_ObjectHideFlags: 0
  m_CorrespondingSourceObject: {fileID: 0}
  m_PrefabInstance: {fileID: 0}
  m_PrefabAsset: {fileID: 0}
  m_GameObject: {fileID: 7521364619938679441}
  serializedVersion: 2
  m_Mass: 1
  m_Drag: 0
  m_AngularDrag: 0
  m_UseGravity: 1
  m_IsKinematic: 0
  m_Interpolate: 0
  m_Constraints: 112
  m_CollisionDetection: 1
--- !u!114 &7521364619938679439
MonoBehaviour:
  m_ObjectHideFlags: 0
  m_CorrespondingSourceObject: {fileID: 0}
  m_PrefabInstance: {fileID: 0}
  m_PrefabAsset: {fileID: 0}
  m_GameObject: {fileID: 7521364619938679441}
  m_Enabled: 1
  m_EditorHideFlags: 0
  m_Script: {fileID: 11500000, guid: c122b0854c5361048bc12626acd99236, type: 3}
  m_Name: 
  m_EditorClassIdentifier: 
  movementConfiguration: {fileID: 11400000, guid: 17a809d182d7b7946a68b2567d744149, type: 2}
  movementActionReferences: {fileID: -7802310050945375959, guid: fd5b064e29aaf814985acd39e527ac62, type: 3}
  cameraAngle: 0
--- !u!114 &7521364619938679438
MonoBehaviour:
  m_ObjectHideFlags: 0
  m_CorrespondingSourceObject: {fileID: 0}
  m_PrefabInstance: {fileID: 0}
  m_PrefabAsset: {fileID: 0}
  m_GameObject: {fileID: 7521364619938679441}
  m_Enabled: 1
  m_EditorHideFlags: 0
  m_Script: {fileID: 11500000, guid: e5da586f1d6e46b585e17e903521d4b0, type: 3}
  m_Name: 
  m_EditorClassIdentifier: 
  playerPositionVariable: {fileID: 11400000, guid: 7a3314af12ed2e941bc3cc4f3676b990, type: 2}
--- !u!114 &7521364619938679437
MonoBehaviour:
  m_ObjectHideFlags: 0
  m_CorrespondingSourceObject: {fileID: 0}
  m_PrefabInstance: {fileID: 0}
  m_PrefabAsset: {fileID: 0}
  m_GameObject: {fileID: 7521364619938679441}
  m_Enabled: 1
  m_EditorHideFlags: 0
  m_Script: {fileID: 11500000, guid: d7bcfa8cbcf596844923297ae3093f57, type: 3}
  m_Name: 
  m_EditorClassIdentifier: 
  movementConfiguration: {fileID: 11400000, guid: 17a809d182d7b7946a68b2567d744149, type: 2}
  crouchActionReferences: {fileID: -1731472811913100195, guid: fd5b064e29aaf814985acd39e527ac62, type: 3}
  roomsData: {fileID: 11400000, guid: 7bbb37b01c25a614895c18cf50219c4d, type: 2}
--- !u!114 &7521364619938679436
MonoBehaviour:
  m_ObjectHideFlags: 0
  m_CorrespondingSourceObject: {fileID: 0}
  m_PrefabInstance: {fileID: 0}
  m_PrefabAsset: {fileID: 0}
  m_GameObject: {fileID: 7521364619938679441}
  m_Enabled: 1
  m_EditorHideFlags: 0
  m_Script: {fileID: 11500000, guid: 3c44fb0351faaa2468c8e3590bf7a99b, type: 3}
  m_Name: 
  m_EditorClassIdentifier: 
  bulletPrefab: {fileID: 5207063423885944485, guid: 256dcea4964a44a41ac3e54046e8a08a, type: 3}
  bulletInitPosition: {fileID: 7193076753838005315}
  shootingActionReference: {fileID: -286172535149507428, guid: fd5b064e29aaf814985acd39e527ac62, type: 3}
  inventory: {fileID: 11400000, guid: 6b81c82b64e108f4091a85cac757f7ff, type: 2}
  fireCooldownDuration: 0.7
--- !u!114 &7521364619938679443
MonoBehaviour:
  m_ObjectHideFlags: 0
  m_CorrespondingSourceObject: {fileID: 0}
  m_PrefabInstance: {fileID: 0}
  m_PrefabAsset: {fileID: 0}
  m_GameObject: {fileID: 7521364619938679441}
  m_Enabled: 1
  m_EditorHideFlags: 0
  m_Script: {fileID: 11500000, guid: d016bc4e236e1c04d893cab576a6b8dd, type: 3}
  m_Name: 
  m_EditorClassIdentifier: 
  serializationData:
    SerializedFormat: 2
    SerializedBytes: 
    ReferencedUnityObjects: []
    SerializedBytesString: 
    Prefab: {fileID: 0}
    PrefabModificationsReferencedUnityObjects: []
    PrefabModifications: []
    SerializationNodes:
    - Name: triggerByPlayerState
      Entry: 7
      Data: 0|System.Collections.Generic.Dictionary`2[[Movement.Data.PlayerState,
        Assembly-CSharp],[System.String, mscorlib]], mscorlib
    - Name: comparer
      Entry: 7
      Data: 1|System.Collections.Generic.EnumEqualityComparer`1[[Movement.Data.PlayerState,
        Assembly-CSharp]], mscorlib
    - Name: 
      Entry: 12
      Data: 0
    - Name: 
      Entry: 13
      Data: 
    - Name: 
      Entry: 8
      Data: 
    - Name: 
      Entry: 12
      Data: 4
    - Name: 
      Entry: 7
      Data: 
    - Name: $k
      Entry: 3
      Data: 0
    - Name: $v
      Entry: 1
      Data: Run
    - Name: 
      Entry: 8
      Data: 
    - Name: 
      Entry: 7
      Data: 
    - Name: $k
      Entry: 3
      Data: 1
    - Name: $v
      Entry: 1
      Data: Stealth
    - Name: 
      Entry: 8
      Data: 
    - Name: 
      Entry: 7
      Data: 
    - Name: $k
      Entry: 3
      Data: 3
    - Name: $v
      Entry: 1
      Data: Lose
    - Name: 
      Entry: 8
      Data: 
    - Name: 
      Entry: 7
      Data: 
    - Name: $k
      Entry: 3
      Data: 2
    - Name: $v
      Entry: 1
      Data: Attack
    - Name: 
      Entry: 8
      Data: 
    - Name: 
      Entry: 13
      Data: 
    - Name: 
      Entry: 8
      Data: 
  animator: {fileID: 7521364619977987240}
  movementConfiguration: {fileID: 11400000, guid: 17a809d182d7b7946a68b2567d744149, type: 2}
--- !u!114 &7561182804601234252
MonoBehaviour:
  m_ObjectHideFlags: 0
  m_CorrespondingSourceObject: {fileID: 0}
  m_PrefabInstance: {fileID: 0}
  m_PrefabAsset: {fileID: 0}
  m_GameObject: {fileID: 7521364619938679441}
  m_Enabled: 1
  m_EditorHideFlags: 0
  m_Script: {fileID: 11500000, guid: d49e2dd74a53f4f4fa86b60cbd4279bc, type: 3}
  m_Name: 
  m_EditorClassIdentifier: 
  playerInitialPosition: {fileID: 11400000, guid: fb61057cc89c14d47a003ce7556b5b0e, type: 2}
--- !u!136 &7538520800071104240
CapsuleCollider:
  m_ObjectHideFlags: 0
  m_CorrespondingSourceObject: {fileID: 0}
  m_PrefabInstance: {fileID: 0}
  m_PrefabAsset: {fileID: 0}
  m_GameObject: {fileID: 7521364619938679441}
  m_Material: {fileID: 13400000, guid: 7ae20cce7236178489306a1ec3f83ea9, type: 2}
  m_IsTrigger: 0
  m_Enabled: 1
  m_Radius: 0.5184957
  m_Height: 2.4426603
  m_Direction: 1
  m_Center: {x: 0.066055894, y: 1.212786, z: 0}
--- !u!136 &5464758289694278104
CapsuleCollider:
  m_ObjectHideFlags: 0
  m_CorrespondingSourceObject: {fileID: 0}
  m_PrefabInstance: {fileID: 0}
  m_PrefabAsset: {fileID: 0}
  m_GameObject: {fileID: 7521364619938679441}
  m_Material: {fileID: 0}
  m_IsTrigger: 1
  m_Enabled: 1
  m_Radius: 0.5
  m_Height: 3.4519923
  m_Direction: 1
  m_Center: {x: 0, y: 1.2259961, z: 0}
--- !u!1001 &7521364620363214363
PrefabInstance:
  m_ObjectHideFlags: 0
  serializedVersion: 2
  m_Modification:
    m_TransformParent: {fileID: 7521364619938679442}
    m_Modifications:
    - target: {fileID: -8679921383154817045, guid: dc6a3fe9703eff64cbd27a9fdeb15e43, type: 3}
      propertyPath: m_RootOrder
      value: 0
      objectReference: {fileID: 0}
    - target: {fileID: -8679921383154817045, guid: dc6a3fe9703eff64cbd27a9fdeb15e43, type: 3}
      propertyPath: m_LocalScale.y
      value: 0.9
      objectReference: {fileID: 0}
    - target: {fileID: -8679921383154817045, guid: dc6a3fe9703eff64cbd27a9fdeb15e43, type: 3}
      propertyPath: m_LocalPosition.x
      value: 0
      objectReference: {fileID: 0}
    - target: {fileID: -8679921383154817045, guid: dc6a3fe9703eff64cbd27a9fdeb15e43, type: 3}
      propertyPath: m_LocalPosition.y
      value: 0
      objectReference: {fileID: 0}
    - target: {fileID: -8679921383154817045, guid: dc6a3fe9703eff64cbd27a9fdeb15e43, type: 3}
      propertyPath: m_LocalPosition.z
      value: 0
      objectReference: {fileID: 0}
    - target: {fileID: -8679921383154817045, guid: dc6a3fe9703eff64cbd27a9fdeb15e43, type: 3}
      propertyPath: m_LocalRotation.w
      value: 1
      objectReference: {fileID: 0}
    - target: {fileID: -8679921383154817045, guid: dc6a3fe9703eff64cbd27a9fdeb15e43, type: 3}
      propertyPath: m_LocalRotation.x
      value: -0
      objectReference: {fileID: 0}
    - target: {fileID: -8679921383154817045, guid: dc6a3fe9703eff64cbd27a9fdeb15e43, type: 3}
      propertyPath: m_LocalRotation.y
      value: -0
      objectReference: {fileID: 0}
    - target: {fileID: -8679921383154817045, guid: dc6a3fe9703eff64cbd27a9fdeb15e43, type: 3}
      propertyPath: m_LocalRotation.z
      value: -0
      objectReference: {fileID: 0}
    - target: {fileID: -8679921383154817045, guid: dc6a3fe9703eff64cbd27a9fdeb15e43, type: 3}
      propertyPath: m_LocalEulerAnglesHint.x
      value: 0
      objectReference: {fileID: 0}
    - target: {fileID: -8679921383154817045, guid: dc6a3fe9703eff64cbd27a9fdeb15e43, type: 3}
      propertyPath: m_LocalEulerAnglesHint.y
      value: 0
      objectReference: {fileID: 0}
    - target: {fileID: -8679921383154817045, guid: dc6a3fe9703eff64cbd27a9fdeb15e43, type: 3}
      propertyPath: m_LocalEulerAnglesHint.z
      value: 0
      objectReference: {fileID: 0}
    - target: {fileID: 919132149155446097, guid: dc6a3fe9703eff64cbd27a9fdeb15e43, type: 3}
      propertyPath: m_Name
      value: Model
      objectReference: {fileID: 0}
    - target: {fileID: 919132149155446097, guid: dc6a3fe9703eff64cbd27a9fdeb15e43, type: 3}
      propertyPath: m_TagString
      value: Player
      objectReference: {fileID: 0}
    m_RemovedComponents: []
  m_SourcePrefab: {fileID: 100100000, guid: dc6a3fe9703eff64cbd27a9fdeb15e43, type: 3}
--- !u!1 &7250840017579119434 stripped
GameObject:
  m_CorrespondingSourceObject: {fileID: 919132149155446097, guid: dc6a3fe9703eff64cbd27a9fdeb15e43, type: 3}
  m_PrefabInstance: {fileID: 7521364620363214363}
  m_PrefabAsset: {fileID: 0}
--- !u!4 &8064812480499403248 stripped
Transform:
  m_CorrespondingSourceObject: {fileID: -8679921383154817045, guid: dc6a3fe9703eff64cbd27a9fdeb15e43, type: 3}
  m_PrefabInstance: {fileID: 7521364620363214363}
  m_PrefabAsset: {fileID: 0}
